<record><leader>00000cas a22000007a 4500</leader><controlfield tag="001">30617012</controlfield><controlfield tag="008">940616d19711971azumr ne      0    0eng d</controlfield><datafield ind1=" " ind2=" " tag="010"><subfield code="a">sn 94050927 </subfield></datafield><datafield ind1=" " ind2=" " tag="040"><subfield code="a">ANU</subfield><subfield code="b">eng</subfield><subfield code="c">ANU</subfield><subfield code="d">ANN</subfield><subfield code="d">OCLCQ</subfield><subfield code="d">OCLCF</subfield><subfield code="d">OCLCO</subfield></datafield><datafield ind1="1" ind2=" " tag="029"><subfield code="a">AU@</subfield><subfield code="b">000025858072</subfield></datafield><datafield ind1=" " ind2=" " tag="042"><subfield code="a">msc</subfield></datafield><datafield ind1=" " ind2=" " tag="043"><subfield code="a">n-us-az</subfield></datafield><datafield ind1="0" ind2="0" tag="245"><subfield code="a">Gila River Community news.</subfield></datafield><datafield ind1=" " ind2=" " tag="260"><subfield code="a">Sacaton, Ariz. :</subfield><subfield code="b">[s.n.],</subfield><subfield code="c">1971.</subfield></datafield><datafield ind1=" " ind2=" " tag="300"><subfield code="a">v.</subfield></datafield><datafield ind1=" " ind2=" " tag="310"><subfield code="a">Monthly</subfield></datafield><datafield ind1="0" ind2=" " tag="362"><subfield code="a">Vol. 1, no. 1 (May 1971).</subfield></datafield><datafield ind1=" " ind2=" " tag="500"><subfield code="a">Preceded by untitled issue, published in Feb. 1971.</subfield></datafield><datafield ind1="2" ind2="0" tag="610"><subfield code="a">Gila River Indian Community</subfield><subfield code="v">Newspapers.</subfield></datafield><datafield ind1=" " ind2="0" tag="650"><subfield code="a">Pima Indians</subfield><subfield code="v">Newspapers.</subfield></datafield><datafield ind1=" " ind2="0" tag="650"><subfield code="a">Maricopa Indians</subfield><subfield code="v">Newspapers.</subfield></datafield><datafield ind1=" " ind2="0" tag="651"><subfield code="a">Sacaton (Ariz.)</subfield><subfield code="v">Newspapers.</subfield></datafield><datafield ind1=" " ind2="0" tag="651"><subfield code="a">Gila River Indian Reservation (Ariz.)</subfield><subfield code="v">Newspapers.</subfield></datafield><datafield ind1=" " ind2="7" tag="655"><subfield code="a">Newspapers.</subfield><subfield code="2">fast</subfield><subfield code="0">(OCoLC)fst01423814</subfield></datafield><datafield ind1="2" ind2="7" tag="610"><subfield code="a">Gila River Indian Community of the Gila River Indian Reservation, Arizona.</subfield><subfield code="2">fast</subfield><subfield code="0">(OCoLC)fst01715416</subfield></datafield><datafield ind1=" " ind2="7" tag="650"><subfield code="a">Maricopa Indians.</subfield><subfield code="2">fast</subfield><subfield code="0">(OCoLC)fst01009227</subfield></datafield><datafield ind1=" " ind2="7" tag="650"><subfield code="a">Pima Indians.</subfield><subfield code="2">fast</subfield><subfield code="0">(OCoLC)fst01064144</subfield></datafield><datafield ind1=" " ind2="7" tag="651"><subfield code="a">Arizona</subfield><subfield code="z">Gila River Indian Reservation.</subfield><subfield code="2">fast</subfield><subfield code="0">(OCoLC)fst01260368</subfield></datafield><datafield ind1=" " ind2="7" tag="651"><subfield code="a">Arizona</subfield><subfield code="z">Sacaton.</subfield><subfield code="2">fast</subfield><subfield code="0">(OCoLC)fst01300441</subfield></datafield><datafield ind1="1" ind2=" " tag="710"><subfield code="a">Gila River Pima-Maricopa Indian Community of the Gila River Indian Reservation of Arizona.</subfield></datafield><datafield ind1=" " ind2=" " tag="752"><subfield code="a">United States</subfield><subfield code="b">Arizona</subfield><subfield code="c">Pinal</subfield><subfield code="d">Sacaton.</subfield></datafield><datafield ind1="0" ind2="0" tag="785"><subfield code="t">Pima Maricopa echo</subfield><subfield code="w">(DSLC)sn 93050498</subfield></datafield></record>